<?xml version="1.0" encoding="UTF-8"?>
<record xmlns="http://www.loc.gov/MARC21/slim">
   <leader>01853cam a22002655  4500</leader>
   <controlfield tag="001">2579857</controlfield>
   <controlfield tag="003">NjP</controlfield>
   <controlfield tag="005">20190705144358.0</controlfield>
   <controlfield tag="008">990728m19091910ua            000 0 ara d</controlfield>
   <datafield tag="024" ind1="7" ind2=" ">
      <subfield code="a">princeton_aco004397</subfield>
      <subfield code="2">local</subfield>
   </datafield>
   <datafield ind1=" " ind2=" " tag="040">
      <subfield code="a">PUL</subfield>
      <subfield code="c">PUL</subfield>
      <subfield code="d">PUL</subfield>
   </datafield>
   <datafield ind1=" " ind2=" " tag="035">
      <subfield code="9">CMF2004TS</subfield>
   </datafield>
   <datafield ind1=" " ind2=" " tag="035">
      <subfield code="a">(NjP)2579857</subfield>
   </datafield>
   <datafield ind1=" " ind2=" " tag="049">
      <subfield code="a">PULL</subfield>
   </datafield>
   <datafield ind1=" " ind2=" " tag="035">
      <subfield code="a">(OCoLC)ocm41973446</subfield>
   </datafield>
   <datafield ind1="1" ind2=" " tag="100">
      <subfield code="6">880-01</subfield>
      <subfield code="a">Taḥtānī, Quṭb al-Dīn Muḥammad al-Rāzī,</subfield>
      <subfield code="d">d. 1365.</subfield>
   </datafield>
   <datafield ind1="0" ind2="3" tag="245">
      <subfield code="6">880-02</subfield>
      <subfield code="a">al-Majmūʻ al-mushtamil ʻalā Sharḥ ...</subfield>
      <subfield code="b">al-Rāzī ... lil-Risālah al-Shamsīyah fī al-manṭiq, taʼlīf ... al-Kātibī wa-ʻalā ḥāshiyat al-Jurjānī ... wa-ʻalā ḥāshiyat al-Siyaklūtī wa-ḥāāhiyat ... al-Dasūqī, wa-ḥāshiyat ... ʻIsār al-Dīn ʻalā sharḥ al-Quṭb, wa-taqrīr ... al-Shirbīnī ... ʻalā ḥāshiyat ʻAbd al-Ḥakīm, wa-ḥāshiyat ... al-Dawwānn̄i wa-sharḥ al-Saʻd ʻalā al-Shamsīyah.</subfield>
   </datafield>
   <datafield ind1=" " ind2=" " tag="260">
      <subfield code="6">880-03</subfield>
      <subfield code="a">[al-qaahirat]</subfield>
      <subfield code="b">al-Maṭbaʻah al-Amīrīyah,</subfield>
      <subfield code="c">1323 [i.e. 1327-28] 1905 [1909-10]</subfield>
   </datafield>
   <datafield ind1=" " ind2=" " tag="300">
      <subfield code="a">2 v. in 1.</subfield>
      <subfield code="c">28 cm.</subfield>
   </datafield>
   <datafield ind1=" " ind2=" " tag="546">
      <subfield code="a">In Arabic.</subfield>
   </datafield>
   <datafield ind1="1" ind2=" " tag="880">
      <subfield code="6">100-01/r</subfield>
      <subfield code="a">تحتاني، قطب الدين محمد الرازي،</subfield>
      <subfield code="d">d. 1365.</subfield>
   </datafield>
   <datafield ind1="0" ind2="2" tag="880">
      <subfield code="6">245-02/r</subfield>
      <subfield code="a">المجموع المشتمل علا شرح ...</subfield>
      <subfield code="b">الرازي ... للرسالة الشمسية في المنطق، تأليف ... الكاتبي وعلا حاشية الجرجاني ... وعلا حاشية السيكلوتي وحااهية ... الدسوقي، وحاشية ... عسار الدين علا شرح القطب، وتقرير ... الشربيني ... علا حاشية عبد الحكيم، وحاشية ... الدوانن وشرح السعد علا الشمسية.</subfield>
   </datafield>
   <datafield ind1=" " ind2=" " tag="880">
      <subfield code="6">260-03/r</subfield>
      <subfield code="a">[القاهرة]</subfield>
      <subfield code="b">المطبعة الاميرية،</subfield>
      <subfield code="c">1323 [ا.. 1327-28] 1905 [1909-10]</subfield>
   </datafield>
   <datafield ind1=" " ind2=" " tag="911">
      <subfield code="a">19991015</subfield>
   </datafield>
   <datafield ind1=" " ind2=" " tag="994">
      <subfield code="a">C0</subfield>
      <subfield code="b">PUL</subfield>
   </datafield>
   <datafield ind1=" " ind2=" " tag="999">
      <subfield code="a">2579857</subfield>
   </datafield>
   <datafield ind1=" " ind2=" " tag="979">
      <subfield code="a">(OCoLC)ocn178222915</subfield>
   </datafield>
   <datafield ind1="8" ind2=" " tag="852">
      <subfield code="0">6328223</subfield>
      <subfield code="b">rcppa</subfield>
      <subfield code="h">2271.5083.25.946.1909</subfield>
      <subfield code="x">tr fr anxa</subfield>
   </datafield>
   <datafield ind1=" " ind2=" " tag="959">
      <subfield code="a">2010-11-22 12:58:11 -0500</subfield>
   </datafield>
</record>
